@inproceedings{PPM+14,
author = "Georgios Petkos, Symeon Papadopoulos, Vasileios Mezaris and Yiannis Kompatsiaris",
title = {Social Event Detection at MediaEval 2014: Challenges, Datasets, and Evaluation},
Booktitle = {In Working Notes Proceedings of the MediaEval 2014 Workshop},
Address = {Barcelona, Spain},
month = {October},
Year = {2014}
}

@inproceedings{rosenberg2007v,
  title={V-Measure: A Conditional Entropy-Based External Cluster Evaluation Measure.},
  author={Rosenberg, Andrew and Hirschberg, Julia},
  booktitle={EMNLP-CoNLL},
  volume={7},
  pages={410--420},
  year={2007},
  organization={Citeseer}
}

@article{robertson1995okapi,
  title={Okapi at TREC-3},
  author={Robertson, Stephen E and Walker, Steve and Jones, Susan and Hancock-Beaulieu, Micheline M and Gatford, Mike and others},
  journal={NIST SPECIAL PUBLICATION SP},
  pages={109--109},
  year={1995},
  publisher={NATIONAL INSTIUTE OF STANDARDS \& TECHNOLOGY}
}